<?xml version="1.0" encoding="UTF-8"?><collection xmlns="http://www.loc.gov/MARC21/slim"><record><leader>00396nam--2200121-i-4500</leader><controlfield tag="001">000005319</controlfield><controlfield tag="002">20161230</controlfield><controlfield tag="005">20161230201026</controlfield><controlfield tag="008">060222s1000------------r-----000-0-eng-d</controlfield><datafield ind1=" " ind2=" " tag="100"><subfield code="a">Capell, L.T., Walker, D.F., Patterson, A.M</subfield></datafield><datafield ind1=" " ind2=" " tag="245"><subfield code="a">The ring index. a list of ring systems used in organic chemistry. second edition</subfield></datafield><datafield ind1=" " ind2=" " tag="260"><subfield code="a">Washington, American Chemical Society, 1960</subfield></datafield><datafield ind1=" " ind2=" " tag="490"><subfield code="a">Xxvii + 1425 P</subfield></datafield></record></collection>